@article{nummols,
  title={Estimation of the size of drug-like chemical space based on GDB-17 data},
  author={Polishchuk, Pavel G and Madzhidov, Timur I and Varnek, Alexandre},
  journal={Journal of computer-aided molecular design},
  volume={27},
  number={8},
  pages={675--679},
  year={2013},
  publisher={Springer}
}

@inproceedings{GCPN,
  title={Graph convolutional policy network for goal-directed molecular graph generation},
  author={You, Jiaxuan and Liu, Bowen and Ying, Zhitao and Pande, Vijay and Leskovec, Jure},
  booktitle={Advances in Neural Information Processing Systems},
  pages={6410--6421},
  year={2018}
}

@inproceedings{GCN,
  title={Convolutional networks on graphs for learning molecular fingerprints},
  author={Duvenaud, David K and Maclaurin, Dougal and Iparraguirre, Jorge and Bombarell, Rafael and Hirzel, Timothy and Aspuru-Guzik, Al{\'a}n and Adams, Ryan P},
  booktitle={Advances in neural information processing systems},
  pages={2224--2232},
  year={2015}
}

@book{MDP,
  title={Markov decision processes: discrete stochastic dynamic programming},
  author={Puterman, Martin L},
  year={2014},
  publisher={John Wiley \& Sons}
}

@book{RL,
  title={Reinforcement learning: An introduction},
  author={Sutton, Richard S and Barto, Andrew G},
  year={2018},
  publisher={MIT press}
}

@inproceedings{GAN,
  title={Generative adversarial nets},
  author={Goodfellow, Ian and Pouget-Abadie, Jean and Mirza, Mehdi and Xu, Bing and Warde-Farley, David and Ozair, Sherjil and Courville, Aaron and Bengio, Yoshua},
  booktitle={Advances in neural information processing systems},
  pages={2672--2680},
  year={2014}
}

@misc{anacondaweb,
  title = {Anaconda},
  howpublished = {\url{https://www.anaconda.com}},
  note = {Accessed: 2019-05-05}
}
@misc{tfweb,
  title = {Tensor Flow},
  howpublished = {\url{https://www.tensorflow.org}},
  note = {Accessed: 2019-05-05}
}
@misc{rdkitweb,
  title = {RDKit},
  howpublished = {\url{https://www.rdkit.org}},
  note = {Accessed: 2019-05-05}
}
@misc{gymweb,
  title = {OpenAI Gym},
  howpublished = {\url{https://gym.openai.com}},
  institution = {OpenAI},
  note = {Accessed: 2019-05-05}
}
